<record><leader>00000cas a2200000 a 4500</leader><controlfield tag="001">18114251</controlfield><controlfield tag="008">880621d18921912ohudn ne      0   a0eng c</controlfield><controlfield tag="009">8043</controlfield><datafield ind1=" " ind2=" " tag="010"><subfield code="a">sn 88077573 </subfield></datafield><datafield ind1=" " ind2=" " tag="040"><subfield code="a">ONP</subfield><subfield code="b">eng</subfield><subfield code="c">ONP</subfield><subfield code="d">OCLCQ</subfield><subfield code="d">DLC</subfield><subfield code="d">NVF</subfield><subfield code="d">OCLCF</subfield></datafield><datafield ind1=" " ind2=" " tag="012"><subfield code="l">a</subfield></datafield><datafield ind1="1" ind2=" " tag="022"><subfield code="a">2159-5615</subfield><subfield code="2">1</subfield></datafield><datafield ind1=" " ind2=" " tag="042"><subfield code="a">pcc</subfield><subfield code="a">nsdp</subfield></datafield><datafield ind1=" " ind2=" " tag="043"><subfield code="a">n-us-oh</subfield></datafield><datafield ind1="0" ind2="0" tag="050"><subfield code="a">Newspaper</subfield></datafield><datafield ind1=" " ind2="4" tag="222"><subfield code="a">The Marion daily mirror</subfield></datafield><datafield ind1="0" ind2="4" tag="245"><subfield code="a">The Marion daily mirror.</subfield></datafield><datafield ind1=" " ind2=" " tag="260"><subfield code="a">Marion, Ohio :</subfield><subfield code="b">Mirror Pub. Co.,</subfield><subfield code="c">1892-1912.</subfield></datafield><datafield ind1=" " ind2=" " tag="310"><subfield code="a">Daily (except Sunday)</subfield></datafield><datafield ind1="1" ind2=" " tag="362"><subfield code="a">Began in 1892.</subfield></datafield><datafield ind1="0" ind2=" " tag="362"><subfield code="a">-v. 20, no. 205 (July 5, 1912).</subfield></datafield><datafield ind1=" " ind2=" " tag="530"><subfield code="3">Dec. 26-28, 1896</subfield><subfield code="a">Available in microfilm;</subfield><subfield code="b">University of Illinois at Urbana-Champaign Library.</subfield></datafield><datafield ind1=" " ind2=" " tag="530"><subfield code="a">Archived issues are available in digital format as part of the Library of Congress Chronicling America online collection.</subfield></datafield><datafield ind1=" " ind2=" " tag="580"><subfield code="a">Weekly ed.: Marion Democratic mirror (Marion, Ohio : 1859).</subfield></datafield><datafield ind1=" " ind2=" " tag="580"><subfield code="a">Semiweekly ed.: Marion Democratic mirror (Marion, Ohio : 1859), 1895-1899; and: Marion mirror (Marion, Ohio : 1899), 1899-1912.</subfield></datafield><datafield ind1=" " ind2=" " tag="588"><subfield code="a">Description based on: Vol. 5, no. 74 (Dec. 26, 1896).</subfield></datafield><datafield ind1=" " ind2="0" tag="651"><subfield code="a">Marion (Ohio)</subfield><subfield code="v">Newspapers.</subfield></datafield><datafield ind1=" " ind2="7" tag="655"><subfield code="a">Newspapers.</subfield><subfield code="2">fast</subfield><subfield code="0">(OCoLC)fst01423814</subfield></datafield><datafield ind1=" " ind2="7" tag="651"><subfield code="a">Ohio</subfield><subfield code="z">Marion.</subfield><subfield code="2">fast</subfield><subfield code="0">(OCoLC)fst01227651</subfield></datafield><datafield ind1=" " ind2=" " tag="752"><subfield code="a">United States</subfield><subfield code="b">Ohio</subfield><subfield code="c">Marion</subfield><subfield code="d">Marion.</subfield></datafield><datafield ind1="1" ind2=" " tag="775"><subfield code="t">Marion Democratic mirror (Marion, Ohio : 1859)</subfield><subfield code="w">(DLC)sn 85026133</subfield><subfield code="w">(OCoLC)12046445</subfield></datafield><datafield ind1="1" ind2=" " tag="775"><subfield code="t">Marion mirror (Marion, Ohio : 1899)</subfield><subfield code="w">(DLC)sn 88077570</subfield><subfield code="w">(OCoLC)18114233</subfield></datafield><datafield ind1="0" ind2="8" tag="776"><subfield code="i">Microfilm.</subfield><subfield code="t">Marion daily mirror</subfield><subfield code="w">(DLC)  2012271040</subfield><subfield code="w">(OCoLC)76693837</subfield></datafield><datafield ind1="0" ind2="0" tag="785"><subfield code="t">Marion Ohio tribune (Marion, Ohio : 1912)</subfield><subfield code="w">(DLC)sn 88086158</subfield><subfield code="w">(OCoLC)17807984</subfield></datafield><datafield ind1="4" ind2="1" tag="856"><subfield code="u">http://www.loc.gov/chroniclingamerica/lccn/sn88077573/issues</subfield></datafield></record>